
%============================================================================================================
% TODO: Add references here.
%




%------------------------------------------------------------------------------------------------------------
% Subjective Logic References
%

%
% fusion/unfusion/fission
%

@inproceedings{josang2012interpretation,
  title={Interpretation and fusion of hyper opinions in subjective logic},
  author={Josang, A and Hankin, Robin},
  booktitle={Information Fusion (FUSION), 2012 15th International Conference on},
  pages={1225--1232},
  year={2012},
  organization={IEEE}
}

@article{josang2010cumulative,
  title={Cumulative and averaging fusion of beliefs},
  author={J{\o}sang, Audun and Diaz, Javier and Rifqi, Maria},
  journal={Information Fusion},
  volume={11},
  number={2},
  pages={192--200},
  year={2010},
  publisher={Elsevier}
}

@inproceedings{josang2009fission,
  title={Fission of opinions in subjective logic},
  author={Josang, Audun},
  booktitle={Information Fusion, 2009. FUSION'09. 12th International Conference on},
  pages={1911--1918},
  year={2009},
  organization={IEEE}
}

@inproceedings{josang2009cumulative,
  title={Cumulative and averaging unfusion of beliefs},
  author={J{\o}sang, Audun},
  booktitle={Proceedings of IPMU},
  volume={8},
  pages={331},
  year={2009}
}

%
% Deduction and abduction
%

% ToDO: Finish.
@article{josanginverting,
  title={Inverting Conditional Opinions in Subjective Logic},
  author={J{\o}sang, Audun and Sambo, Francesco}
}

@article{josang2008conditional,
  title={Conditional reasoning with subjective logic},
  author={Josang, Audun},
  journal={Journal of Multiple-Valued Logic and Soft Computing},
  volume={15},
  number={1},
  pages={5--38},
  year={2008},
  publisher={Old City Publishing}
}

@inproceedings{josang2008abductive,
  title={Abductive reasoning with uncertainty},
  author={J{\o}sang, Audun},
  booktitle={The Proceedings of the International Conference on Information Processing and Management of Uncertainty (IPMU2008)},
  year={2008}
}

%
% Binomial operator papers.
%

% Addition and subtraction
@article{mcanally2004addition,
  title={Addition and subtraction of beliefs},
  author={McAnally, David and J{\o}sang, Audun},
  journal={Proceedings of Information Processing and Management of Uncertainty in Knowledge-Based Systems (IPMU 2004)},
  year={2004}
}

% Multiplication, comultiplication, division, codivision
@article{josang2005multiplication,
  title={Multiplication and comultiplication of beliefs},
  author={J{\o}sang, Audun and McAnally, David},
  journal={International Journal of Approximate Reasoning},
  volume={38},
  number={1},
  pages={19--51},
  year={2005},
  publisher={Elsevier}
}

%
%
% multinomial multiplication.
%











%
% Overview papers
%

@inproceedings{josang2007probabilistic,
  title={Probabilistic logic under uncertainty},
  author={J{\o}sang, Audun},
  booktitle={Proceedings of the thirteenth Australasian symposium on Theory of computing-Volume 65},
  pages={101--110},
  year={2007},
  organization={Australian Computer Society, Inc.}
}

@article{josang2001logic,
  title={A logic for uncertain probabilities},
  author={J{\o}sang, Audun},
  journal={International Journal of Uncertainty, Fuzziness and Knowledge-Based Systems},
  volume={9},
  number={03},
  pages={279--311},
  year={2001},
  publisher={World Scientific}
}

%
% Applications
%

@techreport{pope2005analysis,
  title={Analysis of competing hypotheses using subjective logic},
  author={Pope, Simon and Josang, Audun},
  year={2005},
  institution={DTIC Document}
}

@inproceedings{josang2006trust,
  title={Trust network analysis with subjective logic},
  author={J{\o}sang, Audun and Hayward, Ross and Pope, Simon},
  booktitle={Proceedings of the 29th Australasian Computer Science Conference-Volume 48},
  pages={85--94},
  year={2006},
  organization={Australian Computer Society, Inc.}
}

@inproceedings{josang2008optimal,
  title={Optimal trust network analysis with subjective logic},
  author={Josang, Audun and Bhuiyan, Touhid},
  booktitle={Emerging Security Information, Systems and Technologies, 2008. SECURWARE'08. Second International Conference on},
  pages={179--184},
  year={2008},
  organization={IEEE}
}

@inproceedings{li2004trust,
  title={A trust model based routing protocol for secure ad hoc networks},
  author={Li, Xiaoqi and Lyu, Michael R and Liu, Jiangchuan},
  booktitle={Aerospace Conference, 2004. Proceedings. 2004 IEEE},
  volume={2},
  pages={1286--1295},
  year={2004},
  organization={IEEE}
}

@article{liu2011novel,
  title={A novel reputation computation model based on subjective logic for mobile ad hoc networks},
  author={Liu, Yining and Li, Keqiu and Jin, Yingwei and Zhang, Yong and Qu, Wenyu},
  journal={Future Generation Computer Systems},
  volume={27},
  number={5},
  pages={547--554},
  year={2011},
  publisher={Elsevier}
}

@article{oren2007subjective,
  title={Subjective logic and arguing with evidence},
  author={Oren, Nir and Norman, Timothy J and Preece, Alun},
  journal={Artificial Intelligence},
  volume={171},
  number={10},
  pages={838--854},
  year={2007},
  publisher={Elsevier}
}

@article{josang2000legal,
  title={Legal reasoning with subjective logic},
  author={J{\o}sang, Audun and Bondi, Viggo A},
  journal={Artificial Intelligence and Law},
  volume={8},
  number={4},
  pages={289--315},
  year={2000},
  publisher={Springer}
}




%------------------------------------------------------------------------------------------------------------
% Functional programming / Haskell references
%

@inproceedings{henderson1976lazy,
  title={A lazy evaluator},
  author={Henderson, Peter and Morris Jr, James H},
  booktitle={Proceedings of the 3rd ACM SIGACT-SIGPLAN symposium on Principles on programming languages},
  pages={95--103},
  year={1976},
  organization={ACM}
}

@book{o2008real,
  title={Real World Haskell: Code You Can Believe In},
  author={O'Sullivan, Bryan and Goerzen, John and Stewart, Donald Bruce},
  year={2008},
  publisher={" O'Reilly Media, Inc."}
}



@article{hudak1992report,
  title={Report on the programming language Haskell: a non-strict, purely functional language version 1.2},
  author={Hudak, Paul and Peyton Jones, Simon and Wadler, Philip and Boutel, Brian and Fairbairn, Jon and Fasel, Joseph and Guzm{\'a}n, Mar{\'\i}a M and Hammond, Kevin and Hughes, John and Johnsson, Thomas and others},
  journal={ACM SigPlan notices},
  volume={27},
  number={5},
  pages={1--164},
  year={1992},
  publisher={ACM}
}

@inproceedings{hudak2007history,
  title={A history of Haskell: being lazy with class},
  author={Hudak, Paul and Hughes, John and Peyton Jones, Simon and Wadler, Philip},
  booktitle={Proceedings of the third ACM SIGPLAN conference on History of programming languages},
  pages={12--1},
  year={2007},
  organization={ACM}
}

@article{backus1978can,
  title={Can programming be liberated from the von Neumann style?: a functional style and its algebra of programs},
  author={Backus, John},
  journal={Communications of the ACM},
  volume={21},
  number={8},
  pages={613--641},
  year={1978},
  publisher={ACM}
}

%
% monads
%

@article{hutton1998monadic,
  title={Monadic parsing in Haskell},
  author={Hutton, Graham and Meijer, Erik},
  journal={Journal of functional programming},
  volume={8},
  number={04},
  pages={437--444},
  year={1998},
  publisher={Cambridge Univ Press}
}

@techreport{leijen2001parsec,
  title={Parsec: Direct style monadic parser combinators for the real world},
  author={Leijen, Daan and Meijer, Erik},
  year={2001},
  institution={Technical Report UU-CS-2001-27, Department of Computer Science, Universiteit Utrecht}
}

@incollection{hafiz2010lazy,
  title={Lazy combinators for executable specifications of general attribute grammars},
  author={Hafiz, Rahmatullah and Frost, Richard A},
  booktitle={Practical Aspects of Declarative Languages},
  pages={167--182},
  year={2010},
  publisher={Springer}
}

@inproceedings{launchbury1994lazy,
  title={Lazy functional state threads},
  author={Launchbury, John and Peyton Jones, Simon L},
  booktitle={ACM SIGPLAN Notices},
  volume={29},
  number={6},
  pages={24--35},
  year={1994},
  organization={ACM}
}

@inproceedings{peyton1993imperative,
  title={Imperative functional programming},
  author={Peyton Jones, Simon L and Wadler, Philip},
  booktitle={Proceedings of the 20th ACM SIGPLAN-SIGACT symposium on Principles of programming languages},
  pages={71--84},
  year={1993},
  organization={ACM}
}

@article{moggi1991notions,
  title={Notions of computation and monads},
  author={Moggi, Eugenio},
  journal={Information and computation},
  volume={93},
  number={1},
  pages={55--92},
  year={1991},
  publisher={Elsevier}
}






%------------------------------------------------------------------------------------------------------------
% Other references
%


%
% reasoning
%

@article{kompridis2000so,
  title={So we need something else for reason to mean},
  author={Kompridis, Nikolas},
  journal={International journal of philosophical studies},
  volume={8},
  number={3},
  pages={271--295},
  year={2000},
  publisher={Taylor \& Francis}
}

@article{wos1984automated,
  title={Automated reasoning: introduction and applications},
  author={Wos, Larry and Overbeck, Ross and Lusk, Ewing and Boyle, Jim},
  year={1984},
  publisher={Prentice Hall Inc., Old Tappan, NJ}
}

@book{sternberg2008cognitive,
  title={Cognitive psychology},
  author={Sternberg, Robert},
  year={2008},
  publisher={Cengage Learning}
}

@book{copi2007essentials,
  title={Essentials of logic},
  author={Copi, Irving M and Cohen, Carl and Flage, Daniel E},
  year={2007},
  publisher={Pearson/Prentice Hall}
}

@book{josephson1996abductive,
  title={Abductive inference: Computation, philosophy, technology},
  author={Josephson, John R and Josephson, Susan G},
  year={1996},
  publisher={Cambridge University Press}
}

@article{schlaifer1961applied,
  title={Applied statistical decision theory},
  author={Schlaifer, Robert and Raiffa, Howard},
  year={1961}
}



%
% bayesian probability
%

@article{paulos2011mathematics,
  title={The mathematics of changing your mind},
  author={Paulos, John Allen},
  journal={New York Times (US)},
  year={2011}
}

@article{jaynes1986bayesian,
  title={Bayesian methods: General background},
  author={Jaynes, Edwin T},
  year={1986},
  publisher={Citeseer}
}

@article{de1977theory,
  title={Theory of Probability},
  author={De Finetti, Bruno and de Finetti, Bruno},
  journal={Bull. Amer. Math. Soc. 83 (1977), 94-97 DOI: http://dx. doi. org/10.1090/S0002-9904-1977-14188-8 PII},
  pages={0002--9904},
  year={1977}
}

@article{dupre2009new,
  title={New axioms for rigorous bayesian probability},
  author={Dupr{\'e}, Maurice J and Tipler, Frank J and others},
  journal={Bayesian Analysis},
  volume={4},
  number={3},
  pages={599--606},
  year={2009},
  publisher={International Society for Bayesian Analysis}
}

@article{koehler1996base,
  title={The base rate fallacy reconsidered: Descriptive, normative, and methodological challenges},
  author={Koehler, Jonathan J},
  journal={Behavioral and brain sciences},
  volume={19},
  number={01},
  pages={1--17},
  year={1996},
  publisher={Cambridge Univ Press}
}

@article{carnap1962logical,
  title={Logical foundations of probability},
  author={Carnap, Rudolf and Carnap, Rudolf and Carnap, Rudolf},
  year={1962},
  publisher={University of Chicago press Chicago}
}



%
% fuzzy logic
%

@book{perfilieva1999mathematical,
  title={Mathematical principles of fuzzy logic},
  author={Perfilieva, Irina and Mo{\v{c}}ko{\v{r}}, Ji{\v{r}}{\'\i}},
  year={1999},
  publisher={Springer}
}

@article{zadeh1965fuzzy,
  title={Fuzzy sets},
  author={Zadeh, Lotfi A},
  journal={Information and control},
  volume={8},
  number={3},
  pages={338--353},
  year={1965},
  publisher={Elsevier}
}

@article{bansod2005soft,
  title={Soft Computing-A Fuzzy Logic Approach},
  author={Bansod, NitinA and Kulkarni, Vaishali and Patil, SH},
  journal={Soft Computing},
  pages={73},
  year={2005},
  publisher={Allied Publishers}
}

@article{zadeh1983role,
  title={The role of fuzzy logic in the management of uncertainty in expert systems},
  author={Zadeh, Lotfi Asker},
  journal={Fuzzy sets and systems},
  volume={11},
  number={1},
  pages={197--198},
  year={1983},
  publisher={Elsevier}
}


@book{russell2003,
  author    = {Stuart J. Russell and
               Peter Norvig},
  title     = {Artificial intelligence - a modern approach: the intelligent
               agent book second edition},
  publisher = {Prentice Hall},
  series    = {Prentice Hall series in artificial intelligence},
  year      = {2003},
}



%
% DS-Theory
%

@book{pearl1988probabilistic,
  title={Probabilistic reasoning in intelligent systems: networks of plausible inference},
  author={Pearl, Judea},
  year={1988},
  publisher={Morgan Kaufmann}
}

@article{pearl1988probability,
  title={On probability intervals},
  author={Pearl, Judea},
  journal={International Journal of Approximate Reasoning},
  volume={2},
  number={3},
  pages={211--216},
  year={1988},
  publisher={Elsevier}
}

@article{pearl1990reasoning,
  title={Reasoning with belief functions: an analysis of compatibility},
  author={Pearl, Judea},
  journal={International Journal of Approximate Reasoning},
  volume={4},
  number={5},
  pages={363--389},
  year={1990},
  publisher={Elsevier}
}

@book{shafer1976mathematical,
  title={A mathematical theory of evidence},
  author={Shafer, Glenn and others},
  volume={1},
  year={1976},
  publisher={Princeton university press Princeton}
}

@book{zadeh1979validity,
  title={On the validity of Dempster's rule of combination of evidence},
  author={Zadeh, Lotfi A},
  year={1979},
  publisher={Electronics Research Laboratory, University of California}
}

@article{zadeh1986simple,
  title={A simple view of the Dempster-Shafer theory of evidence and its implication for the rule of combination},
  author={Zadeh, Lotfi A},
  journal={AI magazine},
  volume={7},
  number={2},
  pages={85},
  year={1986}
}

@article{josang2012dempster,
  title={Dempster's rule as seen by little colored balls},
  author={Josang, Audun and Pope, Simon},
  journal={Computational Intelligence},
  volume={28},
  number={4},
  pages={453--474},
  year={2012},
  publisher={Wiley Online Library}
}

@inproceedings{wu2002sensor,
  title={Sensor fusion using Dempster-Shafer theory [for context-aware HCI]},
  author={Wu, Huadong and Siegel, Mel and Stiefelhagen, Rainer and Yang, Lei},
  booktitle={Instrumentation and Measurement Technology Conference, 2002. IMTC/2002. Proceedings of the 19th IEEE},
  volume={1},
  pages={7--12},
  year={2002},
  organization={IEEE}
}

@article{murphy1998dempster,
  title={Dempster-Shafer theory for sensor fusion in autonomous mobile robots},
  author={Murphy, Robin R},
  journal={Robotics and Automation, IEEE Transactions on},
  volume={14},
  number={2},
  pages={197--206},
  year={1998},
  publisher={IEEE}
}

@article{basir2007engine,
  title={Engine fault diagnosis based on multi-sensor information fusion using Dempster--Shafer evidence theory},
  author={Basir, Otman and Yuan, Xiaohong},
  journal={Information Fusion},
  volume={8},
  number={4},
  pages={379--386},
  year={2007},
  publisher={Elsevier}
}

@article{denoeux2000neural,
  title={A neural network classifier based on Dempster-Shafer theory},
  author={Denoeux, Thierry},
  journal={Systems, Man and Cybernetics, Part A: Systems and Humans, IEEE Transactions on},
  volume={30},
  number={2},
  pages={131--150},
  year={2000},
  publisher={IEEE}
}

@article{rogova1994combining,
  title={Combining the results of several neural network classifiers},
  author={Rogova, Galina},
  journal={Neural networks},
  volume={7},
  number={5},
  pages={777--781},
  year={1994},
  publisher={Elsevier}
}

@article{dempster1968generalization,
  title={A generalization of Bayesian inference},
  author={Dempster, Arthur P},
  journal={Journal of the Royal Statistical Society. Series B (Methodological)},
  pages={205--247},
  year={1968},
  publisher={JSTOR}
}





%
% reasoning tools
%

%
% DSI
%

@inproceedings{auer2010verified,
  title={A verified matlab toolbox for the dempster-shafer theory},
  author={Auer, Ekaterina and Luther, Wolfram and Rebner, Gabor and Limbourg, Philipp}
}

@phdthesis{limbourg2007,
  title={Imprecise probabilities for predicting dependability of mechatronic systems in early design stages},
  author={Limbourg, P},
  year={2007},
  school={University of Dusburg-Essen}
}


%
% R
%

@article{team2012r,
  title={R: A language and environment for statistical computing},
  author={Team, R Core and others},
  year={2012},
  publisher={R Foundation for Statistical Computing, Vienna, Austria. ISBN}
}

@book{delwiche2012little,
  title={The Little SAS Book: A Primer: a Programming Approach},
  author={Delwiche, Lora D and Slaughter, Susan J},
  year={2012},
  publisher={SAS Institute}
}

@book{quintero2013workload,
  title={Workload Optimized Systems: Tuning Power7 for Analytics},
  author={Quintero, Dino and Ancel, Thomas and Cassie, Graeme and Ceron, Rodrigo and Darwish, Amr and Felix, Guilherme and He, Jian Jun and Keshavamurthy, Bharathraj and Makineedi, Sreenivas and Nikalje, Girish and others},
  year={2013},
  publisher={IBM Redbooks}
}

@article{fox2005using,
  title={Using the R statistical computing environment to teach social statistics courses},
  author={Fox, John and Andersen, Robert},
  journal={Department of Sociology, McMaster University},
  year={2005}
}

@article{vance2009data,
  title={Data analysts captivated by R's power},
  author={Vance, Ashlee},
  journal={New York Times},
  volume={6},
  year={2009}
}




%
% prolog
%

@article{horn1951sentences,
  title={On sentences which are true of direct unions of algebras},
  author={Horn, Alfred},
  journal={The Journal of Symbolic Logic},
  volume={16},
  number={01},
  pages={14--21},
  year={1951},
  publisher={Cambridge Univ Press}
}

@article{shapiro1983fifth,
  title={The fifth generation project - a trip report},
  author={Shapiro, Ehud Y},
  journal={Communications of the ACM},
  volume={26},
  number={9},
  pages={637--641},
  year={1983},
  publisher={ACM}
}


@book{covington1994natural,
  title={Natural language processing for Prolog programmers},
  author={Covington, Michael A},
  year={1994},
  publisher={Prentice Hall Englewood Cliffs (NJ)}
}

@article{pelletier2006representation,
  title={Representation and inference for natural language: A first course in computational semantics},
  author={Pelletier, Francis Jeffry},
  journal={Computational Linguistics},
  volume={32},
  number={2},
  pages={283--286},
  year={2006},
  publisher={MIT Press}
}

@article{pereira1980definite,
  title={Definite clause grammars for language analysis-a survey of the formalism and a comparison with augmented transition networks},
  author={Pereira, Fernando CN and Warren, David HD},
  journal={Artificial intelligence},
  volume={13},
  number={3},
  pages={231--278},
  year={1980},
  publisher={Elsevier}
}

@book{sterling1994art,
  title={The art of Prolog: advanced programming techniques},
  author={Sterling, Leon},
  year={1994},
  publisher={MIT press}
}




%
% weka
%

@book{witten2005data,
  title={Data Mining: Practical machine learning tools and techniques},
  author={Witten, Ian H and Frank, Eibe},
  year={2005},
  publisher={Morgan Kaufmann}
}

@incollection{reutemann2005toolbox,
  title={A toolbox for learning from relational data with propositional and multi-instance learners},
  author={Reutemann, Peter and Pfahringer, Bernhard and Frank, Eibe},
  booktitle={AI 2004: Advances in Artificial Intelligence},
  pages={1017--1023},
  year={2005},
  publisher={Springer}
}














%
% Decision-support systems.
%

@article{sprague1980framework,
  title={A framework for the development of decision support systems},
  author={Sprague Jr, Ralph H},
  journal={MIS quarterly},
  pages={1--26},
  year={1980},
  publisher={JSTOR}
}

@book{power2002decision,
  title={Decision support systems: concepts and resources for managers},
  author={Power, Daniel J},
  year={2002},
  publisher={Greenwood Publishing Group}
}



%
% UDMDSS
%

@incollection{kent2010application,
  title={Application of Subjective Logic to Health Research Surveys},
  author={Kent, Robert D and McCarrell, Jason and Paquette, Gilles and Amour, Bryan St and Kobti, Ziad and Snowdon, Anne W},
  booktitle={Advances in Intelligent Decision Technologies},
  pages={383--392},
  year={2010},
  publisher={Springer}
}

@incollection{kobti2011towards,
  title={Towards a "Just-in-Time" Distributed Decision Support System in Health Care Research},
  author={Kobti, Ziad and Snowdon, Anne W and Kent, Robert D and Bhandari, Gokul and Rahaman, Shamual F and Preney, Paul D and Kolga, Carol A and Tiessen, Barbara and Zhu, Lichun},
  booktitle={Supporting Real Time Decision-Making},
  pages={253--285},
  year={2011},
  publisher={Springer}
}

@incollection{kent2011design,
  title={Design and Implementation of a Primary Health Care Services Navigational System Architecture},
  author={Kent, Robert D and Preney, Paul D and Snowdon, Anne W and Sajjad, Farhan and Bhandari, Gokul and McCarrell, Jason and McDonald, Tom and Kobti, Ziad},
  booktitle={Intelligent Decision Technologies},
  pages={743--752},
  year={2011},
  publisher={Springer}
}

@incollection{kent2010towards,
  title={Towards a unified data management and decision support system for health care},
  author={Kent, Robert D and Kobti, Ziad and Snowdon, Anne and Aggarwal, Akshai},
  booktitle={Intelligent Interactive Multimedia Systems and Services},
  pages={205--220},
  year={2010},
  publisher={Springer}
}







%
% DS-Theory
%
